% Encoding: UTF-8

@Book{Cavalin2006,
  title     = {Instala{\c{c}}{\~o}es el{\'e}tricas prediais: conforme norma NBR 5410:2004},
  publisher = {{\'E}rica},
  year      = {2006},
  author    = {Cavalin, G. and Cervelim, C. and Cervelin, S.},
  series    = {Cole{\c{c}}{\~a}o estude e use. S{\'e}rie eletricidade},
  isbn      = {9788571945418},
  url       = {https://books.google.com.br/books?id=rVQnSwAACAAJ},
}

@TechReport{NormasTecnicas2016,
  author      = {Associação Brasileira de Normas Técnicas},
  title       = {NBR IEC 61439-1 Conjunto de Manobra e Comando de Baixa Tensão - Parte 1: Regras Gerais},
  institution = {ABNT},
  year        = {2016},
}

@Book{NBR54102004,
  title  = {ABNT NBR 5410: instala{\c{c}}{\~o}es el{\'e}tricas de baixa tens{\~a}o},
  year   = {2004},
  author = {Associa{\c{c}}{\~a}o Brasileira De Normas T{\'e}cnicas},
  isbn   = {9788507005629},
  url    = {https://books.google.com.br/books?id=V38pYAAACAAJ},
}

@Book{NBRIEC61439-12017,
  title  = {ABNT NBR IEC 61439-1 Conjunto de Manobra e Comando de Baixa Tensão. Parte 1: Regras Gerais},
  year   = {2017},
  author = {Associação Brasileira de Normas Técnicas},
  isbn   = {978-85-07-06745-0},
}

@Book{NBRIEC61439-22017,
  title  = {ABNT NBR IEC 61439-2 Conjunto de Manobra e Comando de Baixa Tensão. Parte 2: Conjuntos de Manobra e Comando de Potência.},
  year   = {2017},
  author = {Associação Brasileira de Normas Técnicas},
  isbn   = {978-85-07-06745-0},
}

@Book{NBRIEC61439-32017,
  title  = {ABNT NBR IEC 61439-3 Conjunto de Manobra e Comando de Baixa Tensão. Parte 3: Quadro de Distribuição Destinado a Ser Utilizado por Pessoas Comuns. (DBO)},
  year   = {2017},
  author = {Associação Brasileira de Normas Técnicas},
  isbn   = {978-85-07-06745-0},
}

@Book{Filho2013,
  title     = {Manual de Equipamentos Elétricos},
  publisher = {LTC – Livros Técnicos e Científicos Editora Ltda.},
  year      = {2013},
  author    = {João Mamede Filho},
  address   = {Rio de Janeiro},
  edition   = {4 ed.},
  isbn      = {978-85-216-2291-8},
}

@Book{Franchi2008,
  title     = {Acionamentos Elétricos},
  publisher = {Editora Érica Ltda},
  year      = {2008},
  author    = {Claiton Moro Franchi},
  editor    = {ABDR},
}

@Comment{jabref-meta: databaseType:bibtex;}
